1538051086.847836,5.658688,0.000100
1538051086.847836,5.658688,0.000100
1538051086.847836,5.658688,0.000100
1538051086.847836,5.658688,0.000100
1538051086.847836,5.658688,0.000100
1538051086.847836,5.658688,0.000100
1538051087.235535,5.658679,0.000092
1538051087.235535,5.658679,0.000092
1538051087.235535,5.658679,0.000092
1538051087.235535,5.658679,0.000092
1538051087.235535,5.658679,0.000092
1538051087.235535,5.658679,0.000092
1538051087.235535,5.658679,0.000092
1538051087.235535,5.658679,0.000092
1538051087.235535,5.658679,0.000092
1538051087.235535,5.658679,0.000092
1538051087.235535,5.658679,0.000092
1538051087.235535,5.658679,0.000092
1538051087.235535,5.658679,0.000092
1538051087.235535,5.658679,0.000092
1538051087.235535,5.658679,0.000092
1538051087.235535,5.658679,0.000092
1538051087.235535,5.658679,0.000092
1538051087.235535,5.658679,0.000092
1538051087.235535,5.658679,0.000092
1538051089.183603,5.658653,0.000065
1538051089.183603,5.658653,0.000065
1538051089.183603,5.658653,0.000065
1538051089.183603,5.658653,0.000065
1538051089.183603,5.658653,0.000065
1538051089.559329,5.658653,0.000065
1538051089.559329,5.658653,0.000065
1538051089.559329,5.658653,0.000065
1538051089.559329,5.658653,0.000065
1538051089.559329,5.658653,0.000065
1538051089.559329,5.658653,0.000065
1538051089.559329,5.658653,0.000065
1538051089.559329,5.658653,0.000065
1538051089.559329,5.658653,0.000065
1538051089.559329,5.658653,0.000065
1538051089.559329,5.658653,0.000065
1538051089.559329,5.658653,0.000065
1538051089.559329,5.658653,0.000065
1538051089.559329,5.658653,0.000065
1538051089.559329,5.658653,0.000065
1538051089.559329,5.658653,0.000065
1538051089.559329,5.658653,0.000065
1538051089.559329,5.658653,0.000065
1538051089.559329,5.658653,0.000065
1538051089.559329,5.658653,0.000065
1538051089.559329,5.658653,0.000065
1538051091.641303,5.658681,0.000094
1538051091.641303,5.658681,0.000094
1538051091.641303,5.658681,0.000094
1538051091.641303,5.658681,0.000094
1538051091.641303,5.658681,0.000094
1538051091.641303,5.658681,0.000094
1538051091.641303,5.658681,0.000094
1538051092.254039,5.658681,0.000094
1538051092.254039,5.658681,0.000094
1538051092.254039,5.658681,0.000094
1538051092.254039,5.658681,0.000094
1538051092.254039,5.658681,0.000094
1538051092.254039,5.658681,0.000094
1538051092.254039,5.658681,0.000094
1538051092.254039,5.658681,0.000094
1538051092.254039,5.658681,0.000094
1538051092.254039,5.658681,0.000094
1538051092.254039,5.658681,0.000094
1538051092.254039,5.658681,0.000094
1538051092.254039,5.658681,0.000094
1538051092.254039,5.658681,0.000094
1538051092.254039,5.658681,0.000094
1538051093.642684,5.658681,0.000094
1538051093.642684,5.658681,0.000094
1538051093.642684,5.658681,0.000094
1538051093.642684,5.658681,0.000094
1538051093.642684,5.658681,0.000094
1538051094.091674,5.658681,0.000094
1538051094.091674,5.658681,0.000094
1538051094.091674,5.658681,0.000094
1538051094.091674,5.658681,0.000094
1538051094.091674,5.658681,0.000094
1538051094.091674,5.658681,0.000094
1538051094.091674,5.658681,0.000094
1538051094.091674,5.658681,0.000094
1538051094.091674,5.658681,0.000094
1538051094.091674,5.658681,0.000094
1538051095.472693,5.658632,0.000044
1538051095.472693,5.658632,0.000044
1538051095.860612,5.658632,0.000044
1538051095.860612,5.658632,0.000044
1538051095.860612,5.658632,0.000044
1538051095.860612,5.658632,0.000044
1538051095.860612,5.658632,0.000044
1538051095.860612,5.658632,0.000044
1538051095.860612,5.658632,0.000044
1538051095.860612,5.658632,0.000044
1538051095.860612,5.658632,0.000044
1538051097.232575,5.658629,0.000041
1538051097.232575,5.658629,0.000041
1538051097.232575,5.658629,0.000041
1538051097.232575,5.658629,0.000041
1538051098.107688,5.658629,0.000041
1538051098.107688,5.658629,0.000041
1538051098.107688,5.658629,0.000041
1538051098.107688,5.658629,0.000041
1538051098.107688,5.658629,0.000041
1538051098.107688,5.658629,0.000041
1538051098.107688,5.658629,0.000041
1538051098.107688,5.658629,0.000041
1538051098.107688,5.658629,0.000041
1538051099.980794,5.658688,0.000100
1538051099.980794,5.658688,0.000100
1538051099.980794,5.658688,0.000100
1538051100.361060,5.658651,0.000063
1538051100.361060,5.658651,0.000063
1538051100.361060,5.658651,0.000063
1538051100.361060,5.658651,0.000063
1538051100.361060,5.658651,0.000063
1538051100.361060,5.658651,0.000063
1538051100.361060,5.658651,0.000063
1538051101.761833,5.658651,0.000063
1538051101.761833,5.658651,0.000063
1538051101.761833,5.658651,0.000063
1538051102.146178,5.658651,0.000063
1538051102.146178,5.658651,0.000063
1538051102.146178,5.658651,0.000063
1538051102.146178,5.658651,0.000063
1538051102.146178,5.658651,0.000063
1538051102.146178,5.658651,0.000063
1538051102.146178,5.658651,0.000063
1538051103.558370,5.658697,0.000110
1538051103.558370,5.658697,0.000110
1538051103.946700,5.658697,0.000110
1538051103.946700,5.658697,0.000110
1538051103.946700,5.658697,0.000110
1538051103.946700,5.658697,0.000110
1538051103.946700,5.658697,0.000110
1538051103.946700,5.658697,0.000110
1538051103.946700,5.658697,0.000110
1538051103.946700,5.658697,0.000110
1538051103.946700,5.658697,0.000110
1538051105.363396,5.658626,0.000038
1538051105.363396,5.658626,0.000038
1538051105.750967,5.658626,0.000038
1538051105.750967,5.658626,0.000038
1538051105.750967,5.658626,0.000038
1538051105.750967,5.658626,0.000038
1538051105.750967,5.658626,0.000038
1538051105.750967,5.658626,0.000038
1538051105.750967,5.658626,0.000038
1538051105.750967,5.658626,0.000038
1538051107.164876,5.658626,0.000038
1538051107.164876,5.658626,0.000038
1538051107.543636,5.658626,0.000038
1538051107.543636,5.658626,0.000038
1538051107.543636,5.658626,0.000038
1538051107.543636,5.658626,0.000038
1538051107.543636,5.658626,0.000038
1538051107.543636,5.658626,0.000038
1538051107.543636,5.658626,0.000038
1538051107.543636,5.658626,0.000038
1538051108.957807,5.658626,0.000038
1538051108.957807,5.658626,0.000038
1538051108.957807,5.658626,0.000038
1538051110.723884,5.658654,0.000066
1538051110.723884,5.658654,0.000066
1538051111.117941,5.658654,0.000066
1538051111.117941,5.658654,0.000066
1538051111.117941,5.658654,0.000066
1538051111.117941,5.658654,0.000066
1538051111.117941,5.658654,0.000066
1538051111.117941,5.658654,0.000066
1538051111.117941,5.658654,0.000066
1538051111.117941,5.658654,0.000066
1538051111.117941,5.658654,0.000066
1538051111.117941,5.658654,0.000066
1538051111.117941,5.658654,0.000066
1538051111.117941,5.658654,0.000066
1538051112.513638,5.658719,0.000131
1538051112.513638,5.658719,0.000131
1538051112.513638,5.658719,0.000131
1538051112.513638,5.658719,0.000131
1538051112.923865,5.658719,0.000131
1538051112.923865,5.658719,0.000131
1538051112.923865,5.658719,0.000131
1538051112.923865,5.658719,0.000131
1538051112.923865,5.658719,0.000131
1538051112.923865,5.658719,0.000131
1538051112.923865,5.658719,0.000131
1538051112.923865,5.658719,0.000131
1538051112.923865,5.658719,0.000131
1538051112.923865,5.658719,0.000131
1538051112.923865,5.658719,0.000131
1538051112.923865,5.658719,0.000131
1538051112.923865,5.658719,0.000131
1538051112.923865,5.658719,0.000131
1538051112.923865,5.658719,0.000131
1538051112.923865,5.658719,0.000131
1538051112.923865,5.658719,0.000131
1538051112.923865,5.658719,0.000131
1538051112.923865,5.658719,0.000131
1538051112.923865,5.658719,0.000131
1538051112.923865,5.658719,0.000131
1538051114.908798,5.658721,0.000134
1538051114.908798,5.658721,0.000134
1538051114.908798,5.658721,0.000134
1538051114.908798,5.658721,0.000134
1538051114.908798,5.658721,0.000134
1538051115.302023,5.658721,0.000134
1538051115.302023,5.658721,0.000134
1538051115.302023,5.658721,0.000134
1538051115.302023,5.658721,0.000134
1538051115.302023,5.658721,0.000134
1538051115.302023,5.658721,0.000134
1538051115.302023,5.658721,0.000134
1538051115.302023,5.658721,0.000134
1538051115.302023,5.658721,0.000134
1538051115.302023,5.658721,0.000134
1538051115.302023,5.658721,0.000134
1538051115.302023,5.658721,0.000134
1538051115.302023,5.658721,0.000134
1538051115.302023,5.658721,0.000134
1538051115.302023,5.658721,0.000134
1538051115.302023,5.658721,0.000134
1538051116.697936,5.658721,0.000134
1538051116.697936,5.658721,0.000134
1538051116.697936,5.658721,0.000134
1538051116.697936,5.658721,0.000134
1538051117.149141,5.658721,0.000134
1538051117.149141,5.658721,0.000134
1538051117.149141,5.658721,0.000134
1538051117.149141,5.658721,0.000134
1538051117.149141,5.658721,0.000134
1538051117.149141,5.658721,0.000134
1538051117.149141,5.658721,0.000134
1538051117.149141,5.658721,0.000134
1538051117.149141,5.658721,0.000134
1538051117.149141,5.658721,0.000134
1538051117.149141,5.658721,0.000134
1538051117.149141,5.658721,0.000134
1538051117.149141,5.658721,0.000134
1538051117.149141,5.658721,0.000134
1538051117.149141,5.658721,0.000134
1538051118.548772,5.658721,0.000134
1538051118.548772,5.658721,0.000134
1538051118.548772,5.658721,0.000134
1538051118.548772,5.658721,0.000134
1538051121.218931,5.658704,-0.000003
1538051124.194026,5.658835,0.000000
1538051124.194026,5.658835,0.000000
1538051124.194026,5.658835,0.000000
1538051124.194026,5.658835,0.000000
1538051124.194026,5.658835,0.000000
1538051124.194026,5.658835,0.000000
1538051124.584832,5.658835,0.000000
1538051124.584832,5.658835,0.000000
1538051124.584832,5.658835,0.000000
1538051124.584832,5.658835,0.000000
1538051124.584832,5.658835,0.000000
1538051124.584832,5.658835,0.000000
1538051124.584832,5.658835,0.000000
1538051124.584832,5.658835,0.000000
1538051124.584832,5.658835,0.000000
1538051124.584832,5.658835,0.000000
1538051124.584832,5.658835,0.000000
1538051124.584832,5.658835,0.000000
1538051124.584832,5.658835,0.000000
1538051124.584832,5.658835,0.000000
1538051124.584832,5.658835,0.000000
1538051124.584832,5.658835,0.000000
1538051124.584832,5.658835,0.000000
1538051124.584832,5.658835,0.000000
1538051124.584832,5.658835,0.000000
1538051126.609934,5.658835,0.000000
1538051126.609934,5.658835,0.000000
1538051126.609934,5.658835,0.000000
1538051126.609934,5.658835,0.000000
1538051126.609934,5.658835,0.000000
1538051127.011480,5.658835,0.000000
1538051127.011480,5.658835,0.000000
1538051127.011480,5.658835,0.000000
1538051127.011480,5.658835,0.000000
1538051127.011480,5.658835,0.000000
1538051127.011480,5.658835,0.000000
1538051127.011480,5.658835,0.000000
1538051127.011480,5.658835,0.000000
1538051127.011480,5.658835,0.000000
1538051127.011480,5.658835,0.000000
1538051127.011480,5.658835,0.000000
1538051127.011480,5.658835,0.000000
1538051127.011480,5.658835,0.000000
1538051127.011480,5.658835,0.000000
1538051128.405888,5.658835,0.000000
1538051128.405888,5.658835,0.000000
1538051128.405888,5.658835,0.000000
1538051128.405888,5.658835,0.000000
1538051128.818449,5.658835,0.000000
1538051128.818449,5.658835,0.000000
1538051128.818449,5.658835,0.000000
1538051128.818449,5.658835,0.000000
1538051128.818449,5.658835,0.000000
1538051128.818449,5.658835,0.000000
1538051128.818449,5.658835,0.000000
1538051128.818449,5.658835,0.000000
1538051128.818449,5.658835,0.000000
1538051128.818449,5.658835,0.000000
1538051128.818449,5.658835,0.000000
1538051128.818449,5.658835,0.000000
1538051128.818449,5.658835,0.000000
1538051128.818449,5.658835,0.000000
1538051128.818449,5.658835,0.000000
1538051128.818449,5.658835,0.000000
1538051130.213605,5.658835,0.000000
1538051130.213605,5.658835,0.000000
1538051130.213605,5.658835,0.000000
1538051130.213605,5.658835,0.000000
1538051130.213605,5.658835,0.000000
1538051130.649107,5.658835,0.000000
1538051130.649107,5.658835,0.000000
1538051130.649107,5.658835,0.000000
1538051130.649107,5.658835,0.000000
1538051130.649107,5.658835,0.000000
1538051130.649107,5.658835,0.000000
1538051130.649107,5.658835,0.000000
1538051130.649107,5.658835,0.000000
1538051130.649107,5.658835,0.000000
1538051130.649107,5.658835,0.000000
1538051130.649107,5.658835,0.000000
1538051130.649107,5.658835,0.000000
1538051130.649107,5.658835,0.000000
1538051130.649107,5.658835,0.000000
1538051130.649107,5.658835,0.000000
1538051130.649107,5.658835,0.000000
1538051130.649107,5.658835,0.000000
1538051130.649107,5.658835,0.000000
1538051130.649107,5.658835,0.000000
1538051130.649107,5.658835,0.000000
1538051130.649107,5.658835,0.000000
1538051132.728679,5.658835,0.000000
1538051132.728679,5.658835,0.000000
1538051132.728679,5.658835,0.000000
1538051132.728679,5.658835,0.000000
1538051133.117945,5.658835,0.000000
1538051133.117945,5.658835,0.000000
1538051133.117945,5.658835,0.000000
1538051133.117945,5.658835,0.000000
1538051133.117945,5.658835,0.000000
1538051133.117945,5.658835,0.000000
1538051133.117945,5.658835,0.000000
1538051133.117945,5.658835,0.000000
1538051133.117945,5.658835,0.000000
1538051133.117945,5.658835,0.000000
1538051133.117945,5.658835,0.000000
1538051133.117945,5.658835,0.000000
1538051133.117945,5.658835,0.000000
1538051133.117945,5.658835,0.000000
1538051133.117945,5.658835,0.000000
1538051134.545184,5.658835,0.000000
1538051134.545184,5.658835,0.000000
1538051134.545184,5.658835,0.000000
1538051134.966029,5.658835,0.000000
1538051134.966029,5.658835,0.000000
1538051134.966029,5.658835,0.000000
1538051134.966029,5.658835,0.000000
1538051134.966029,5.658835,0.000000
1538051134.966029,5.658835,0.000000
1538051134.966029,5.658835,0.000000
